@misc
{dbscan-ref,
author={Wikipédia},
title={DBSCAN},
howpublished = "\url{https://en.wikipedia.org/wiki/DBSCAN}",
month={Janvier},
year={2019},
note = "[Online; accessed 03-Janvier-2019]"
}

@misc
{dbscan-sklearn-ref,
author={Scikit-Learn},
title={sklearn.cluster.DBSCAN},
howpublished = "\url{https://scikit-learn.org/stable/modules/generated/sklearn.cluster.DBSCAN.html}",
month={Janvier},
year={2019},
note = "[Online; accessed 03-Janvier-2019]"
}

@misc
{geohash-ref,
author={Wikipédia},
title={Geohash},
howpublished = "\url{https://en.wikipedia.org/wiki/Geohash}",
month={Janvier},
year={2019},
note = "[Online; accessed 03-Janvier-2019]"
}

@misc
{geohash-grid-ref,
author={Christian Stade-Schuldt},
title={Creating a grid based on Geohashes},
howpublished = "\url{https://blog.tafkas.net/2018/09/28/creating-a-grid-based-on-geohashes/}",
month={Janvier},
year={2019},
note = "[Online; accessed 03-Janvier-2019]"
}

@misc
{spark-doc-ref,
author={Apache Foundation},
title={Spark Standalone Mode},
howpublished = "\url{https://spark.apache.org/docs/latest/spark-standalone.html}",
month={Janvier},
year={2019},
note = "[Online; accessed 03-Janvier-2019]"
}

@misc
{spark-setup-ref,
author={Rahul Nayak},
title={Set up Apache Spark on a Multi-Node Cluster},
howpublished = "\url{https://medium.com/ymedialabs-innovation/apache-spark-on-a-multi-node-cluster-b75967c8cb2b}",
month={Janvier},
year={2019},
note = "[Online; accessed 03-Janvier-2019]"
}

@misc
{scylla-cluster-ref,
author={ScyllaDB Docs},
title={Create a Scylla Cluster - Single Data Center (DC)},
howpublished = "\url{https://docs.scylladb.com/operating-scylla/procedures/cluster-management/create_cluster/}",
month={Janvier},
year={2019},
note = "[Online; accessed 03-Janvier-2019]"
}

@misc
{scylla-cluster-ref,
author={ScyllaDB Docs},
title={Create a Scylla Cluster - Single Data Center (DC)},
howpublished = "\url{https://docs.scylladb.com/operating-scylla/procedures/cluster-management/create_cluster/}",
month={Janvier},
year={2019},
note = "[Online; accessed 03-Janvier-2019]"
}

@misc
{rapport-prdw,
author={Chehab Florent \& Chenuet Mathis},
title={Traitements de données géo-localisées en
haute volumétrie},
howpublished = "\url{https://gitlab.utc.fr/PRDW_P18/rapport/}",
month={Juin},
year={2018},
note = "[Online; accessed 15-Décembre-2019]"
}

@misc
{trip-stop-research,
author={Glenn Cich \& Luk Knapen \& Tom Bellemans \& Davy Janssens \& Geert Wets},
title={TRIP/STOP Detection in GPS Traces to Feed Prompted Recall Survey},
howpublished = "\url{https://www.sciencedirect.com/science/article/pii/S1877050915008741}",
year={2015},
note = "[Online; accessed 20-Décembre-2019]"
}

@misc
{dbscan-research,
author={Martin Ester \& Hans-Peter Kriegel \& Jörg Sander \& Xiaowed Xu},
title={A Density-Based Algorithm for Discovering Clusters},
howpublished = "\url{https://www.aaai.org/Papers/KDD/1996/KDD96-037.pdf}",
year={1996},
note = "[Online; accessed 20-Décembre-2019]"
}